<?xml version="1.0" encoding="utf-8" standalone="no"?>
<!DOCTYPE Archive SYSTEM "http://greenstone.org/dtd/Archive/1.0/Archive.dtd">
<Archive>
<Section>
  <Description>
    <Metadata name="gsdlsourcefilename">import\advbeat_small\marc\locbeatles50.marc</Metadata>
    <Metadata name="gsdldoctype">indexed_doc</Metadata>
    <Metadata name="Language">en</Metadata>
    <Metadata name="Encoding">iso_8859_1</Metadata>
    <Metadata name="Source">locbeatles50.marc</Metadata>
    <Metadata name="SourceFile">locbeatles50.marc</Metadata>
    <Metadata name="SourceSegment">1</Metadata>
    <Metadata name="Plugin">MARCPlugin</Metadata>
    <Metadata name="dc.Format">MARC</Metadata>
    <Metadata name="FileFormat">MARC</Metadata>
    <Metadata name="dc.Title">The Beatles and Frank Ifield on stage &amp;#091;sound recording&amp;#093;.</Metadata>
    <Metadata name="dc.Publisher">&amp;#091;S.l.&amp;#093; :</Metadata>
    <Metadata name="dc.Publisher">Vee-Jay,</Metadata>
    <Metadata name="dc.Date">&amp;#091;1964?&amp;#093;</Metadata>
    <Metadata name="dc.Description">Brief record.</Metadata>
    <Metadata name="dc.Description">Please, please me -- Any time -- Lovesick blues -- I'm smiling now -- Nobody's darling -- From me to you -- I remember you -- Ask me why -- Thank you girl -- The wayward wind -- Unchained melody -- I listen to my heart.</Metadata>
    <Metadata name="dc.Description">Performed by the Beatles and Frank Ifield.</Metadata>
    <Metadata name="dc.Subject">Popular music 1961-1970.</Metadata>
    <Metadata name="dc.Creator">Ifield, Frank. prf</Metadata>
    <Metadata name="dc.Creator">Beatles. prf</Metadata>
    <Metadata name="Identifier">HASH7c575f57a57cfb45ab0033s1</Metadata>
    <Metadata name="lastmodified">1652351099</Metadata>
    <Metadata name="lastmodifieddate">20220512</Metadata>
    <Metadata name="oailastmodified">1652361741</Metadata>
    <Metadata name="oailastmodifieddate">20220512</Metadata>
    <Metadata name="assocfilepath">HASH7c57.dir</Metadata>
  </Description>
  <Content>&lt;pre&gt;
 LDR 01128cjm  22003137a 4500
001     5745525
005     19970714083147.0
007     sdubumennmplue
008     951109s1964    xx uun              eng  
035    _9 (DLC)   95768890
906    _a 7
       _b cbc
       _c orignew
       _d 3
       _e ncip
       _f 19
       _g y-genmusic
955    _a vn31
010    _a    95768890 
028 02 _a VJ-1085
       _b Vee-Jay
035    _a (OCoLC)33448757 
040    _a DLC
       _c DLC
       _d DLC
050 00 _a Vee-Jay VJ-1085
245 04 _a The Beatles and Frank Ifield on stage
       _h [sound recording].
260    _a [S.l.] :
       _b Vee-Jay,
       _c [1964?]
300    _a 1 sound disc :
       _b analog, 33 1/3 rpm ;
       _c 12 in.
511 0  _a Performed by the Beatles and Frank Ifield.
505 0  _a Please, please me -- Any time -- Lovesick blues -- I'm
 smiling now -- Nobody's darling -- From me to you -- I remember
 you -- Ask me why -- Thank you girl -- The wayward wind --
 Unchained melody -- I listen to my heart.
500    _a Brief record.
650  0 _a Popular music
       _y 1961-1970.
700 1  _a Ifield, Frank.
       _4 prf
710 2  _a Beatles.
       _4 prf
953    _a TA28
985    _a 9511
991    _b c-RecSound
       _h Vee-Jay VJ-1085
       _w MUSIC
&lt;/pre&gt;
</Content>
</Section>
</Archive>
